@Article{Bast2013,
author="Bast, Hannah",
title="Semantische Suche",
journal="Informatik-Spektrum",
year="2013",
volume="36",
number="2",
pages="136--143",
abstract="Die klassische Volltextsuche sucht nach Vorkommen der eingegebenen Suchw{\"o}rter in einer gegebenen Menge von Texten. Dieser Ansatz funktioniert bei vielen Anfragen sehr gut, hat aber auch seine offensichtlichen Grenzen. Bei der semantischen Suche versucht man, sowohl die Suchanfrage als auch die Texte in denen gesucht wird zu ,,verstehen``. Dieser Artikel gibt einen {\"U}berblick {\"u}ber dieses sehr aktuelle und sehr breite Forschungsgebiet, und die dabei auftretenden in der Praxis relevanten Teilprobleme. Viele dieser Probleme sind auch algorithmisch interessant, in der Algorithmenforschung aber wenig bekannt. ",
publisher="Springer Berlin Heidelberg",
address="Berlin, Heidelberg",
issn="1432-122X",
doi="10.1007/s00287-013-0678-z",
url="http://dx.doi.org/10.1007/s00287-013-0678-z"
}

@Inbook{Hoppe2015,
author="Hoppe, Thomas
and Junghans, Horst",
title="Corporate Semantic Web: Wie semantische Anwendungen in Unternehmen Nutzen stiften",
year="2015",
publisher="Springer Berlin Heidelberg",
pages="111--128",
isbn="978-3-642-54886-4",
doi="10.1007/978-3-642-54886-4_9",
url="http://dx.doi.org/10.1007/978-3-642-54886-4_9"
}

@techreport{IWUSBI,
  author = {Eugene Agichtein, Eric Brill, Susan Dumais},
  title = {Improving Web Search Ranking by Incorporating User Behavior Information},
  institution = {Microsoft},
  year = {2006},
  type = {Report}
}

@techreport{Joachims,
  author = {Thorsten Joachims, Laura Granka, Bing Pan},
  title = {Accurately Interpreting Clickthrough Data as Implicit Feedback},
  institution = {Random},
  year = {2005},
  type = {Report}
}

@book{chuklin2015,
    Author = {Chuklin, Aleksandr and Markov, Ilya and de Rijke, Maarten},
    Publisher = {Morgan \& Claypool},
    Title = {Click Models for Web Search},
    Year = {2015},
    Isbn = {9781627056489},
    Doi = {10.2200/S00654ED1V01Y201507ICR043}
}
